@article{Kidd2017RainGauges,
  title={So, how much of the Earth’s surface is covered by rain gauges?},
  author={Kidd, Chris and Becker, Andreas and Huffman, George J and Muller, Catherine L and Joe, Paul and Skofronick-Jackson, Gail and Kirschbaum, Dalia B},
  journal={Bulletin of the American Meteorological Society},
  volume={98},
  number={1},
  pages={69--78},
  year={2017},
  doi = {10.1175/BAMS-D-14-00283.1}
}

@book{Levizzani2020Satellite,
  title={Satellite precipitation measurement},
  author={Levizzani, Vincenzo and Kidd, Christopher and Kirschbaum, Dalia B and
                  Kummerow, Christian Detlef and Nakamura, Kenji and Turk, F
                  Joseph},
  year={2020},
  publisher={Springer}
}
@article{Bennartz2003Sensitivity,
  title={Sensitivity of microwave radiances at 85--183 GHz to precipitating ice particles},
  author={Bennartz, Ralf and Bauer, Peter},
  journal={Radio Science},
  volume={38},
  number={4},
  pages={40--1},
  year={2003},
  publisher={AGU}
}

@article{Stephens2007RemoteSensing,
  author    = {G. L. Stephens and C. D. Kummerow},
  title     = {The Remote Sensing of Clouds and Precipitation from Space: A Review},
  journal   = {Journal of the Atmospheric Sciences},
  volume    = {64},
  number    = {11},
  pages     = {3742--3765},
  year      = {2007},
  month     = nov,
  doi       = {10.1175/2006JAS2375.1}
}

@article{Hou2014GPMMission,
  author    = {A. Y. Hou and others},
  title     = {The Global Precipitation Measurement Mission},
  journal   = {Bulletin of the American Meteorological Society},
  volume    = {95},
  number    = {5},
  pages     = {701--722},
  year      = {2014},
  month     = may,
  doi       = {10.1175/BAMS-D-13-00164.1}
}

@article{Maahn2020OptimalEstimation,
  author    = {M. Maahn and others},
  title     = {Optimal Estimation Retrievals and Their Uncertainties: What Every Atmospheric Scientist Should Know},
  journal   = {Bulletin of the American Meteorological Society},
  volume    = {101},
  number    = {9},
  pages     = {E1512--E1523},
  year      = {2020},
  month     = sep,
  doi       = {10.1175/BAMS-D-19-0027.1}
}

@article{Boukabara2011MiRS,
  author    = {S.-A. Boukabara and others},
  title     = {MiRS: An All-Weather 1DVAR Satellite Data Assimilation and Retrieval System},
  journal   = {IEEE Transactions on Geoscience and Remote Sensing},
  volume    = {49},
  number    = {9},
  pages     = {3249--3272},
  year      = {2011},
  month     = sep,
  doi       = {10.1109/TGRS.2011.2158438}
}

@article{Kummerow2015GPROF,
  author    = {C. D. Kummerow and others},
  title     = {The Evolution of the Goddard Profiling Algorithm to a Fully Parametric Scheme},
  journal   = {Journal of Atmospheric and Oceanic Technology},
  volume    = {32},
  number    = {12},
  pages     = {2265--2280},
  year      = {2015},
  month     = dec,
  doi       = {10.1175/JTECH-D-15-0039.1}
}

@article{Adler1988InfraredRainfall,
  author    = {R. F. Adler and A. J. Negri},
  title     = {A Satellite Infrared Technique to Estimate Tropical Convective and Stratiform Rainfall},
  journal   = {Journal of Applied Meteorology and Climatology},
  volume    = {27},
  number    = {1},
  pages     = {30--51},
  year      = {1988},
  month     = jan,
  doi       = {10.1175/1520-0450(1988)027<0030:ASITTE>2.0.CO;2}
}

@article{Griffith1978RainEstimation,
  author    = {C. G. Griffith and W. L. Woodley and P. G. Grube and D. W. Martin and J. Stout and D. N. Sikdar},
  title     = {Rain Estimation from Geosynchronous Satellite Imagery—Visible and Infrared Studies},
  journal   = {Monthly Weather Review},
  volume    = {106},
  number    = {8},
  pages     = {1153--1171},
  year      = {1978},
  month     = aug,
  doi       = {10.1175/1520-0493(1978)106<1153:REFGSI>2.0.CO;2}
}

@article{Hong2004Precipitation,
  title={Precipitation estimation from remotely sensed imagery using an artificial neural network cloud classification system},
  author={Hong, Yang and Hsu, Kuo-Lin and Sorooshian, Soroosh and Gao, Xiaogang},
  journal={Journal of Applied Meteorology},
  volume={43},
  number={12},
  pages={1834--1853},
  year={2004},
  doi = "10.1175/JAM2173.1",
}


@article{Pfreundschuh2022BrazilRetrieval,
  author    = {S. Pfreundschuh and I. Ingemarsson and P. Eriksson and D. A. Vila and A. J. P. Calheiros},
  title     = {An improved near-real-time precipitation retrieval for Brazil},
  journal   = {Atmospheric Measurement Techniques},
  volume    = {15},
  number    = {23},
  pages     = {6907--6933},
  year      = {2022},
  month     = dec,
  doi       = {10.5194/amt-15-6907-2022}
}

@article{Pfreundschuh2022Gprof,
  title={GPROF-NN: A neural-network-based implementation of the Goddard profiling algorithm},
  author={Pfreundschuh, Simon and Brown, Paula J and Kummerow, Christian D and Eriksson, Patrick and Norrestad, Teodor},
  journal={Atmospheric Measurement Techniques},
  volume=15,
  number=17,
  pages={5033--5060},
  year=2022,
  publisher={Copernicus Publications G{\"o}ttingen, Germany}
}


@article{Sadeghi2019Persiann,
  title={PERSIANN-CNN: Precipitation estimation from remotely sensed information using artificial neural networks--convolutional neural networks},
  author={Sadeghi, Mojtaba and Asanjan, Ata Akbari and Faridzad, Mohammad and Nguyen, PHU and Hsu, Kuolin and Sorooshian, Soroosh and Braithwaite, DAN},
  journal={Journal of Hydrometeorology},
  volume={20},
  number={12},
  pages={2273--2289},
  year={2019}
}


@article{Gorooh2023LEOGEO,
  author    = {V. A. Gorooh and others},
  title     = {Integrating LEO and GEO Observations: Toward Optimal Summertime Satellite Precipitation Retrieval},
  journal   = {Journal of Hydrometeorology},
  volume    = {24},
  number    = {11},
  pages     = {1939--1954},
  year      = {2023},
  month     = oct,
  doi       = {10.1175/JHM-D-23-0006.1}
}

@article{Sano2022ATMS,
  author    = {P. Sanò and D. Casella and A. Camplani and L. P. D’Adderio and G. Panegrossi},
  title     = {A Machine Learning Snowfall Retrieval Algorithm for ATMS},
  journal   = {Remote Sensing},
  volume    = {14},
  number    = {6},
  pages     = {1467},
  year      = {2022},
  month     = jan,
  doi       = {10.3390/rs14061467}
}

@article{Sano2018PNPR,
  author    = {P. Sanò and others},
  title     = {The Passive Microwave Neural Network Precipitation Retrieval (PNPR) Algorithm for the CONICAL Scanning Global Microwave Imager (GMI) Radiometer},
  journal   = {Remote Sensing},
  volume    = {10},
  number    = {7},
  pages     = {1122},
  year      = {2018},
  month     = jul,
  doi       = {10.3390/rs10071122}
}

@misc{SLALOM2018Snow,
  title        = {{SLALOM: An All-Surface Snow Water Path Retrieval Algorithm for the GPM Microwave Imager}},
  howpublished = {\url{https://www.mdpi.com/2072-4292/10/8/1278}},
  note         = {Accessed: Aug. 30, 2025}
}

@article{Bagaglini2021PNPRCLIM,
  author    = {L. Bagaglini and P. Sanò and D. Casella and E. Cattani and G. Panegrossi},
  title     = {The Passive Microwave Neural Network Precipitation Retrieval Algorithm for Climate Applications (PNPR-CLIM): Design and Verification},
  journal   = {Remote Sensing},
  volume    = {13},
  number    = {9},
  pages     = {1701},
  year      = {2021},
  month     = jan,
  doi       = {10.3390/rs13091701}
}

@article{Amell2025Probabilistic,
  title={Probabilistic near real-time retrievals of Rain over Africa using deep learning},
  author={Amell, Adri{\`a} and Hee, Lilian and Pfreundschuh, Simon and Eriksson, Patrick},
  journal={Authorea Preprints},
  year={2025},
  publisher={Authorea}
}


@article{Kubota2025IPWG,
  author    = {T. Kubota and C. Kummerow and G. Panegrossi and S. Ringerud and N. Utsumi and F. J. Turk},
  title     = {Advancing Global Precipitation Data Products: Recommendations from the International Precipitation Working Group},
  journal   = {Bulletin of the American Meteorological Society},
  volume    = {106},
  number    = {3},
  pages     = {E564--E570},
  year      = {2025},
  month     = mar,
  doi       = {10.1175/BAMS-D-25-0011.1}
}

@misc{NCEP_CPC_L3_IR,
  author       = {{NOAA Climate Prediction Center},
  title        = {NCEP/CPC Level-3 Merged Infrared Brightness Temperatures (Global, 4 km, Half-Hourly)},
  howpublished = {\url{https://gpm.nasa.gov/data/directory/ncepcpc-level-3-merged-infrared-brightness-temperatures-0}},
  note         = {Multi-satellite geostationary IR brightness temperature gridded at 4 km resolution, sampled every 30 minutes across 60° S – 60° N; record extends from 2000 to present :contentReference[oaicite:1]{index=1}},
  year         = {2025},
  urldate      = {2025-09-01}
}



@article{Draper2015GMI,
  author    = {D. W. Draper and D. A. Newell and F. J. Wentz and S. Krimchansky and G. M. Skofronick-Jackson},
  title     = {The Global Precipitation Measurement (GPM) Microwave Imager (GMI): Instrument Overview and Early On-Orbit Performance},
  journal   = {IEEE Journal of Selected Topics in Applied Earth Observations and Remote Sensing},
  volume    = {8},
  number    = {7},
  pages     = {3452--3462},
  year      = {2015},
  month     = jul,
  doi       = {10.1109/JSTARS.2015.2403303}
}

@incollection{Goldberg2006ATMS,
  author    = {M. D. Goldberg and F. Weng},
  title     = {Advanced Technology Microwave Sounder},
  booktitle = {Earth Science Satellite Remote Sensing: Vol. 1: Science and Instruments},
  editor    = {J. J. Qu and W. Gao and M. Kafatos and R. E. Murphy and V. V. Salomonson},
  pages     = {243--253},
  year      = {2006},
  publisher = {Springer},
  address   = {Berlin, Heidelberg},
  doi       = {10.1007/978-3-540-37293-6_13}
}

@article{Schmetz2002Introduction,
  title={An introduction to Meteosat second generation (MSG)},
  author={Schmetz, Johannes and Pili, Paolo and Tjemkes, Stephen and Just, Dieter and Kerkmann, Jochen and Rota, Sergio and Ratier, Alain},
  journal={Bulletin of the American Meteorological Society},
  volume={83},
  number={7},
  pages={977--992},
  year={2002},
  publisher={American Meteorological Society}
}


@article{Bessho2016Himawari,
  author    = {K. Bessho and others},
  title     = {An Introduction to Himawari-8/9— Japan’s New-Generation Geostationary Meteorological Satellites},
  journal   = {Journal of the Meteorological Society of Japan. Ser. II},
  volume    = {94},
  number    = {2},
  pages     = {151--183},
  year      = {2016},
  doi       = {10.2151/jmsj.2016-009}
}

@article{Holmlund2021MTG,
  author    = {K. Holmlund and others},
  title     = {Meteosat Third Generation (MTG): Continuation and Innovation of Observations from Geostationary Orbit},
  journal   = {Bulletin of the American Meteorological Society},
  volume    = {102},
  number    = {5},
  pages     = {E990--E1015},
  year      = {2021},
  month     = may,
  doi       = {10.1175/BAMS-D-19-0304.1}
}

@misc{Hersbach2020ERA5,
  author       = {Hersbach and others},
  title        = {The ERA5 global reanalysis},
  howpublished = {\url{https://rmets.onlinelibrary.wiley.com/doi/full/10.1002/qj.3803}},
  note         = {Accessed: Aug. 05, 2025}
}

@misc{NCEI2025SnowMaps,
  author       = {{National Centers for Environmental Information}},
  title        = {Daily Automated Snow and Ice Cover Maps for the Northern Hemisphere and Southern Hemisphere},
  howpublished = {\url{https://www.ncei.noaa.gov/access/metadata/landing-page/bin/iso?id=gov.noaa.ncdc:C01697}},
  year         = {2025}
  note         = {Accessed: Aug. 22, 2025}
}

@misc{Hastings1999GLOBE,
  author       = {D. A. Hastings and P. K. Dunbar},
  title        = {Global Land One-kilometer Base Elevation (GLOBE)},
  howpublished = {\url{https://repository.library.noaa.gov/view/noaa/13424}},
  note         = {Accessed: Aug. 14, 2025}
  year         = {1999}
}

@article{Smith2016MRMS,
  title={Multi-Radar Multi-Sensor (MRMS) severe weather and aviation products: Initial operating capabilities},
  author={Smith, Travis M and Lakshmanan, Valliappa and Stumpf, Gregory J and Ortega, Kiel L and Hondl, Kurt and Cooper, Karen and Calhoun, Kristin M and Kingfield, Darrel M and Manross, Kevin L and Toomey, Robert and others},
  journal={Bulletin of the American Meteorological Society},
  volume={97},
  number={9},
  pages={1617--1630},
  year={2016},
  doi       = {10.1175/BAMS-D-14-00173.1}
}


@article{Kwon2015RadarComparison,
  author    = {S. Kwon and S.-H. Jung and G. Lee},
  title     = {Inter-comparison of radar rainfall rate using Constant Altitude Plan Position Indicator and hybrid surface rainfall maps},
  journal   = {Journal of Hydrology},
  volume    = {531},
  pages     = {234--247},
  year      = {2015},
  month     = dec,
  doi       = {10.1016/j.jhydrol.2015.08.063}
}

@article{Ryu2025RBFMerging,
  author    = {S. Ryu and J. J. Song and G. Lee},
  title     = {Radar–Rain Gauge Merging for High-Spatiotemporal-Resolution Rainfall Estimation Using Radial Basis Function Interpolation},
  journal   = {Remote Sensing},
  volume    = {17},
  number    = {3},
  pages     = {530},
  year      = {2025},
  month     = jan,
  doi       = {10.3390/rs17030530}
}

@article{Sohn2013WarmRain,
  author    = {B. J. Sohn and G.-H. Ryu and H.-J. Song and M.-L. Ou},
  title     = {Characteristic Features of Warm-Type Rain Producing Heavy Rainfall over the Korean Peninsula Inferred from TRMM Measurements},
  journal   = {Monthly Weather Review},
  volume    = {141},
  number    = {11},
  pages     = {3873--3888},
  year      = {2013},
  month     = nov,
  doi       = {10.1175/MWR-D-13-00075.1}
}

@article{Song2020TRMM,
  author    = {H.-J. Song and S. Kim and S. Roh and H. Lee},
  title     = {Trmm観測による強雨の雲頂高度と降水頂の差異},
  journal   = {Journal of the Meteorological Society of Japan. Ser. II},
  volume    = {98},
  number    = {5},
  pages     = {901--914},
  year      = {2020},
  doi       = {10.2151/jmsj.2020-044}
}

@article{Fuchsberger2021WegenerNet,
  author    = {J. Fuchsberger and G. Kirchengast and T. Kabas},
  title     = {WegenerNet high-resolution weather and climate data from 2007 to 2020},
  journal   = {Earth System Science Data},
  volume    = {13},
  number    = {3},
  pages     = {1307--1334},
  year      = {2021},
  month     = mar,
  doi       = {10.5194/essd-13-1307-2021}
}

@article{Kidd2011GPM,
  author    = {C. Kidd and G. Huffman},
  title     = {Global precipitation measurement},
  journal   = {Meteorological Applications},
  volume    = {18},
  number    = {3},
  pages     = {334--353},
  year      = {2011},
  doi       = {10.1002/met.284}
}

@article{Schmit2005Introducing,
  title={Introducing the next-generation Advanced Baseline Imager on GOES-R},
  author={Schmit, Timothy J and Gunshor, Mathew M and Menzel, W Paul and Gurka, James J and Li, Jun and Bachmeier, A Scott},
  journal={Bulletin of the American Meteorological Society},
  volume={86},
  number={8},
  pages={1079--1096},
  year={2005},
  publisher={American Meteorological Society}
}

@misc{Berg2022_GMI_L1C_R_V07,
  author       = {Wesley Berg},
  title        = {{GPM GMI\_R Common Calibrated Brightness Temperatures (Collocated, L1C, 1.5-hour, 13 km, Version 07)}},
  howpublished = {\url{https://data.nasa.gov/dataset/gpm-gmi-r-common-calibrated-brightness-temperatures-collocated-l1c-1-5-hours-13-km-v07-gpm-0e459}},
  publisher    = {Goddard Earth Sciences Data and Information Services Center (GES DISC), NASA},
  year         = {2022},
  note         = {Merged level-1C radiometer brightness temperatures from GMI flown on GPM; remapped (R) and collocated, 13 km grid, 1.5-hour swaths; Version 07 (latest)},
  urldate      = {2025-09-01},
}

@misc{Berg2022_ATMS_NOAA20_1C_V07,
  author       = {Berg, W.},
  title        = {GPM ATMS on NOAA-20 Common Calibrated Brightness Temperatures (L1C, 1.5-h, 17 km, Version 07)},
  howpublished = {\url{https://data.nasa.gov/dataset/gpm-atms-on-noaa-20-common-calibrated-brightness-temperatures-l1c-1-5-hours-17-km-v07-gpm--ac2ad}},
  publisher    = {{Goddard Earth Sciences Data and Information Services Center (GES DISC), NASA}},
  year         = {2022},
  note         = {Brightness temperature Level-3 L1C product from ATMS onboard NOAA-20, gridded to 17 km, sampled every 1.5 h; Version 07; DOI: 10.5067/GPM/ATMS/NOAA20/1C/07},
  doi          = {10.5067/GPM/ATMS/NOAA20/1C/07},
  urldate      = {2025-09-01},
}

@article{Da2015Preliminary,
  title={Preliminary assessment of the Advanced Himawari Imager (AHI) measurement onboard Himawari-8 geostationary satellite},
  author={Da, Cheng},
  journal={Remote sensing letters},
  volume={6},
  number={8},
  pages={637--646},
  year={2015},
  publisher={Taylor \& Francis}
}

@article{Aminou2002Msg,
  title={MSG's SEVIRI instrument},
  author={Aminou, DMA},
  journal={ESA Bulletin(0376-4265)},
  number={111},
  pages={15--17},
  year={2002}
}

@misc{NOAA_GOES_AWS,
  author       = {{NOAA Open Data Dissemination Program}},
  title        = {NOAA Geostationary Operational Environmental Satellites (GOES-16, -17, -18 & -19) on AWS},
  howpublished = {\url{https://registry.opendata.aws/noaa-goes/}},
  publisher    = {Registry of Open Data on AWS / NOAA NODD},
  year         = {2025},
  note         = {Continuous imagery and meteorological observations from GOES geostationary satellites, freely available via AWS public datasets under NOAA NODD. Accessed on \texttt{\today}.},
  urldate      = {2025-09-01}
}

@misc{NOAA_HIMAWARI_AWS,
  author       = {{NOAA Open Data Dissemination Program (NODD)}},
  title        = {JMA Himawari-8/9 Imagery via AWS},
  howpublished = {\url{https://registry.opendata.aws/noaa-himawari/}},
  publisher    = {Registry of Open Data on AWS / NOAA NODD},
  year         = {2025},
  note         = {Geostationary satellite imagery from Himawari-8 (primary) and Himawari-9 (on-orbit backup) provided by JMA and distributed via NOAA’s AWS Open Data; archived full-disk data available back to July 2015 with up to 10-minute revisit intervals.},
  urldate      = {2025-09-01}
}

@misc{EUMETSAT_SEVIRI,
  author       = {{EUMETSAT}},
  title        = {EUMETSAT SEVIRI Dataset — Product EO:EUM:DAT:0962},
  howpublished = {\url{https://data.eumetsat.int/product/EO:EUM:DAT:0962}},
  publisher    = {EUMETSAT Data Store},
  year         = {2025},
  note         = {Level-1.5 SEVIRI data},
  urldate      = {2025-09-01}
}

@techreport{GPM_GPROF_ATBD_V7,
  author       = {{Passive Microwave Algorithm Team Facility}},
  title        = {GPM GPROF Algorithm Theoretical Basis Document (ATBD), Version 7},
  institution  = {NASA Global Precipitation Measurement (GPM) Mission},
  howpublished = {\url{https://gpm.nasa.gov/resources/documents/gpm-gprof-algorithm-theoretical-basis-document-atbd}},
  year         = {2022},
  note         = {Describes the passive microwave GPROF rainfall retrieval algorithm parameterized for all GPM constellation radiometers; last updated May 15, 2022},
  urldate      = {2025-09-01}
}

@article{Goldberg2013Joint,
  title={Joint Polar Satellite System: The United States next generation civilian polar-orbiting environmental satellite system},
  author={Goldberg, Mitchell D and Kilcoyne, Heather and Cikanek, Harry and Mehta, Ajay},
  journal={Journal of Geophysical Research: Atmospheres},
  volume={118},
  number={24},
  pages={13--463},
  year={2013},
  publisher={Wiley Online Library}
}

@book{Goodman2019Goes,
  title={The GOES-R series: a new generation of geostationary environmental satellites},
  author={Goodman, Steven J and Schmit, Timothy J and Daniels, Jaime and Redmon, Robert J},
  year={2019},
  publisher={Elsevier}
}
